@misc{data-bike,
  title = {Bike sharing dataset},
  howpublished = {\url{https://archive.ics.uci.edu/ml/datasets/bike+sharing+dataset}},
  note = {Accessed: July, 2019}
}

@misc{data-concrete,
  title = {Concrete compressive strength data set},
  howpublished = {\url{http://archive.ics.uci.edu/ml/datasets/concrete+compressive+strength}},
  note = {Accessed: July, 2019}
}

@misc{data-bio,
  title = {Physicochemical properties of protein tertiary structure data set},
  howpublished = {\url{https://archive.ics.uci.edu/ml/datasets/Physicochemical+Properties+of+Protein+Tertiary+Structure}},
  note = {Accessed: July, 2019}
}

@article{marcus2018deep,
  title={Deep learning: A critical appraisal},
  author={Marcus, Gary},
  journal={arXiv preprint arXiv:1801.00631},
  year={2018}
}

@article{ovadia2019can,
  title={Can you trust your model's uncertainty? evaluating predictive uncertainty under dataset shift},
  author={Ovadia, Yaniv and Fertig, Emily and Ren, Jie and Nado, Zachary and Sculley, David and Nowozin, Sebastian and Dillon, Joshua and Lakshminarayanan, Balaji and Snoek, Jasper},
  journal={Advances in Neural Information Processing Systems},
  volume={32},
  year={2019}
}

@article{waldrop2019limits,
  title={What are the limits of deep learning?},
  author={Waldrop, M Mitchell},
  journal={Proceedings of the National Academy of Sciences},
  volume={116},
  number={4},
  pages={1074--1077},
  year={2019},
  publisher={National Acad Sciences}
}

@article{silver2016mastering,
  title={Mastering the game of {Go} with deep neural networks and tree search},
  author={Silver, David and Huang, Aja and Maddison, Chris J and Guez, Arthur and Sifre, Laurent and Van Den Driessche, George and Schrittwieser, Julian and Antonoglou, Ioannis and Panneershelvam, Veda and Lanctot, Marc and others},
  journal={Nature},
  volume={529},
  number={7587},
  pages={484--489},
  year={2016},
  publisher={Nature Publishing Group}
}

@article{salimans2016weight,
  title={Weight normalization: A simple reparameterization to accelerate training of deep neural networks},
  author={Salimans, Tim and Kingma, Durk P},
  journal={Advances in neural information processing systems},
  volume={29},
  year={2016}
}

@article{shorten2019survey,
  title={A survey on image data augmentation for deep learning},
  author={Shorten, Connor and Khoshgoftaar, Taghi M},
  journal={Journal of Big Data},
  volume={6},
  number={1},
  pages={1--48},
  year={2019},
  publisher={SpringerOpen}
}

@inproceedings{ioffe2015batch,
  title={Batch normalization: Accelerating deep network training by reducing internal covariate shift},
  author={Ioffe, Sergey and Szegedy, Christian},
  booktitle={International conference on machine learning},
  pages={448--456},
  year={2015},
  organization={PMLR}
}

@article{izbicki2020cd,
  title={{CD}-split and {HPD}-split},
  author={Izbicki, Rafael and Shimizu, Gilson and Stern, Rafael B},
  journal={J. Mach. Learn. Res.}, 
  volume={23},
  pages={1--32},
  year={2022}
}


@article{atallah1985some,
  title={Some dynamic computational geometry problems},
  author={Atallah, Mikhail J},
  journal={Computers \& Mathematics with Applications},
  volume={11},
  number={12},
  pages={1171--1181},
  year={1985},
  publisher={Pergamon}
}

@article{nielsen1998output,
  title={An output-sensitive convex hull algorithm for planar objects},
  author={Nielsen, Franck and Yvinec, Mariette},
  journal={International Journal of Computational Geometry \& Applications},
  volume={8},
  number={01},
  pages={39--65},
  year={1998},
  publisher={World Scientific}
}

@article{devillers1995incremental,
  title={Incremental algorithms for finding the convex hulls of circles and the lower envelopes of parabolas},
  author={Devillers, Olivier and Golin, Mordecai J},
  journal={Information Processing Letters},
  volume={56},
  number={3},
  pages={157--164},
  year={1995},
  publisher={Elsevier}
}

@article{einbinder2022conformal,
  title={Conformal Prediction is Robust to Label Noise},
  author={Einbinder, Bat-Sheva and Bates, Stephen and Angelopoulos, Anastasios N and Gendler, Asaf and Romano, Yaniv},
  journal={arXiv preprint arXiv:2209.14295},
  year={2022}
}

@article{bellotti2021optimized,
  title={Optimized conformal classification using gradient descent approximation},
  author={Bellotti, Anthony},
  journal={arXiv preprint arXiv:2105.11255},
  year={2021}
}

@article{stutz2021learning,
  title={Learning Optimal Conformal Classifiers},
  author={Stutz, David and Krishnamurthy Dvijotham and Cemgil, Ali Taylan and Doucet, Arnaud},
  journal={arXiv preprint arXiv:2110.09192},
  year={2021}
}

@article{gibbs2022conformal,
  title={Conformal inference for online prediction with arbitrary distribution shifts},
  author={Gibbs, Isaac and Cand{\`e}s, Emmanuel},
  journal={arXiv preprint arXiv:2208.08401},
  year={2022}
}

@article{sesia2022conformal,
  title={Conformal Frequency Estimation with Sketched Data under Relaxed Exchangeability},
  author={Sesia, Matteo and Favaro, Stefano and Dobriban, Edgar},
  journal={arXiv preprint arXiv:2211.04612},
  year={2022}
}

@inproceedings{smith2015conformal,
  title={Conformal anomaly detection of trajectories with a multi-class hierarchy},
  author={Smith, James and Nouretdinov, Ilia and Craddock, Rachel and Offer, Charles and Gammerman, Alexander},
  booktitle={International symposium on statistical learning and data sciences},
  pages={281--290},
  year={2015},
  organization={Springer}
}

@inproceedings{vovk1999machine,
	title={Machine-learning applications of algorithmic randomness},
	author={Vovk, Vladimir and Gammerman, Alexander and Saunders, Craig},
	booktitle={{International Conference on Machine Learning}},
	pages={444--453},
	year={1999}
}

@inproceedings{saunders1999transduction,
  title={Transduction with confidence and credibility},
  author={Saunders, Craig and Gammerman, Alexander and Vovk, Volodya},
  year={1999},
  booktitle={IJCAI}
}

@article{mary2021semi,
  title={Semi-supervised multiple testing},
  author={Mary, David and Roquain, Etienne},
  journal={Electronic Journal of Statistics},
  volume={16},
  number={2},
  pages={4926--4981},
  year={2022},
}

@article{marandon2022machine,
  title={Machine learning meets false discovery rate},
  author={Marandon, Ariane and Lei, Lihua and Mary, David and Roquain, Etienne},
  journal={arXiv preprint arXiv:2208.06685},
  year={2022}
}

@article{li2017accumulation,
  title={Accumulation tests for FDR control in ordered hypothesis testing},
  author={Li, Ang and Barber, Rina Foygel},
  journal={J. Am. Stat. Assoc.}, 
  volume={112},
  number={518},
  pages={837--849},
  year={2017},
  publisher={Taylor \& Francis}
}

@article{lei2018adapt,
  title={{AdaPT}: an interactive procedure for multiple testing with side information},
  author={Lei, Lihua and Fithian, William},
  journal={J. R. Stat. Soc. (B)}, 
  volume={80},
  number={4},
  pages={649--679},
  year={2018},
  publisher={Wiley Online Library}
}

@article{ignatiadis2021covariate,
  title={Covariate powered cross-weighted multiple testing},
  author={Ignatiadis, Nikolaos and Huber, Wolfgang},
  journal={J. R. Stat. Soc. (B)},
  volume={83},
  number={4},
  pages={720--751},
  year={2021},
  publisher={Wiley Online Library}
}

@article{li2019multiple,
  title={Multiple testing with the structure-adaptive Benjamini--Hochberg algorithm},
  author={Li, Ang and Barber, Rina Foygel},
  journal={J. R. Stat. Soc. (B)},
  volume={81},
  number={1},
  pages={45--74},
  year={2019},
  publisher={Wiley Online Library}
}

@article{hu2010false,
  title={False discovery rate control with groups},
  author={Hu, James X and Zhao, Hongyu and Zhou, Harrison H},
  journal={J. Am. Stat. Assoc.},
  volume={105},
  number={491},
  pages={1215--1227},
  year={2010},
  publisher={Taylor \& Francis}
}

@article{tibshirani2019conformal,
  title={Conformal prediction under covariate shift},
  author={Tibshirani, Ryan J and Foygel Barber, Rina and Candes, Emmanuel and Ramdas, Aaditya},
  journal={Advances in neural information processing systems},
  volume={32},
  year={2019}
}

@article{barber2022conformal,
  title={Conformal prediction beyond exchangeability},
  author={Barber, Rina Foygel and Cand{\`e}s, Emmanuel J and Ramdas, Aaditya and Tibshirani, Ryan J},
  journal={arXiv preprint arXiv:2202.13415},
  year={2022}
}

@article{tong2016survey,
  title={A survey on Neyman-Pearson classification and suggestions for future research},
  author={Tong, Xin and Feng, Yang and Zhao, Anqi},
  journal={Wiley Interdisciplinary Reviews: Computational Statistics},
  volume={8},
  number={2},
  pages={64--81},
  year={2016},
  publisher={Wiley Online Library}
}

@article{tong2013plug,
  title={A plug-in approach to neyman-pearson classification},
  author={Tong, Xin},
  journal={J. Mach. Learn. Res.},
  volume={14},
  number={1},
  pages={3011--3040},
  year={2013},
  publisher={JMLR. org}
}

@article{zhao2016neyman,
  title={Neyman-Pearson classification under high-dimensional settings},
  author={Zhao, Anqi and Feng, Yang and Wang, Lie and Tong, Xin},
  journal={J. Mach. Learn. Res.},
  volume={17},
  number={1},
  pages={7469--7507},
  year={2016},
  publisher={JMLR. org}
}

@article{rigollet2011neyman,
  title={Neyman-pearson classification, convexity and stochastic constraints},
  author={Rigollet, Philippe and Tong, Xin},
  journal={J. Mach. Learn. Res.},
  year={2011}
}

@article{tong2018neyman,
  title={Neyman-Pearson classification algorithms and NP receiver operating characteristics},
  author={Tong, Xin and Feng, Yang and Li, Jingyi Jessica},
  journal={Science advances},
  volume={4},
  number={2},
  pages={eaao1659},
  year={2018},
  publisher={American Association for the Advancement of Science}
}

@article{wang2021non,
  title={Non-splitting Neyman-Pearson Classifiers},
  author={Wang, Jingming and Xia, Lucy and Bao, Zhigang and Tong, Xin},
  journal={arXiv preprint arXiv:2112.00329},
  year={2021}
}

@article{tong2020neyman,
  title={Neyman-Pearson classification: parametrics and sample size requirement.},
  author={Tong, Xin and Xia, Lucy and Wang, Jiacheng and Feng, Yang},
  journal={J. Mach. Learn. Res.},
  volume={21},
  pages={12--1},
  year={2020}
}

@article{angelopoulos2022conformal,
  title={Conformal Risk Control},
  author={Angelopoulos, Anastasios N and Bates, Stephen and Fisch, Adam and Lei, Lihua and Schuster, Tal},
  journal={arXiv preprint arXiv:2208.02814},
  year={2022}
}

@article{angelopoulos2021gentle,
  title={A gentle introduction to conformal prediction and distribution-free uncertainty quantification},
  author={Angelopoulos, Anastasios N and Bates, Stephen},
  journal={arXiv preprint arXiv:2107.07511},
  year={2021}
}

@inproceedings{angelopoulos2022image,
  title={Image-to-image regression with distribution-free uncertainty quantification and applications in imaging},
  author={Angelopoulos, Anastasios N and Kohli, Amit Pal and Bates, Stephen and Jordan, Michael and Malik, Jitendra and Alshaabi, Thayer and Upadhyayula, Srigokul and Romano, Yaniv},
  booktitle={International Conference on Machine Learning},
  pages={717--730},
  year={2022},
  organization={PMLR}
}

@inproceedings{angelopoulos2020uncertainty,
title={Uncertainty Sets for Image Classifiers using Conformal Prediction},
author={Anastasios Nikolas Angelopoulos and Stephen Bates and Michael Jordan and Jitendra Malik},
booktitle={International Conference on Learning Representations},
year={2021},
}

@article{luo2022improving,
  title={Improving knockoffs with conditional calibration},
  author={Luo, Yixiang and Fithian, William and Lei, Lihua},
  journal={unpublished manuscript},
  year={2022}
}

@article{steinberger2018conditional,
  title={Conditional predictive inference for stable algorithms},
  author={Steinberger, Lukas and Leeb, Hannes},
  journal={arXiv preprint arXiv:1809.01412},
  year={2018}
}

@article{clifton2014probabilistic,
  title={Probabilistic novelty detection with support vector machines},
  author={Clifton, Lei and Clifton, David A and Zhang, Yang and Watkinson, Peter and Tarassenko, Lionel and Yin, Hujun},
  journal={IEEE Transactions on Reliability},
  volume={63},
  number={2},
  pages={455--467},
  year={2014},
  publisher={IEEE}
}

@inproceedings{hautamaki2004outlier,
  title={Outlier detection using k-nearest neighbour graph},
  author={Hautamaki, Ville and Karkkainen, Ismo and Franti, Pasi},
  booktitle={Proceedings of the 17th International Conference on Pattern Recognition, 2004. ICPR 2004.},
  volume={3},
  pages={430--433},
  year={2004},
  organization={IEEE}
}

@article{markou2003novelty,
  title={Novelty detection: a review—part 2:: neural network based approaches},
  author={Markou, Markos and Singh, Sameer},
  journal={Signal Process.},
  volume={83},
  number={12},
  pages={2499--2521},
  year={2003},
  publisher={Elsevier}
}

@article{desir2013one,
  title={One class random forests},
  author={D{\'e}sir, Chesner and Bernard, Simon and Petitjean, Caroline and Heutte, Laurent},
  journal={Pattern Recognition},
  volume={46},
  number={12},
  pages={3490--3506},
  year={2013},
  publisher={Elsevier}
}

@article{pimentel2014review,
  title={A review of novelty detection},
  author={Pimentel, Marco AF and Clifton, David A and Clifton, Lei and Tarassenko, Lionel},
  journal={Signal Process.},
  volume=99,
  pages={215--249},
  year=2014,
  publisher={Elsevier}
}

@article{grubbs1969procedures,
  title={Procedures for detecting outlying observations in samples},
  author={Grubbs, Frank E},
  journal={Technometrics},
  volume={11},
  number={1},
  pages={1--21},
  year={1969},
  publisher={Taylor \& Francis}
}

@inproceedings{haroush2021statistical,
  title={A Statistical Framework for Efficient Out of Distribution Detection in Deep Neural Networks},
  author={Haroush, Matan and Frostig, Tzviel and Heller, Ruth and Soudry, Daniel},
  booktitle={International Conference on Learning Representations},
  year={2021}
}

@article{kim2020predictive,
  title={Predictive inference is free with the jackknife+-after-bootstrap},
  author={Kim, Byol and Xu, Chen and Barber, Rina},
  journal={Advances in Neural Information Processing Systems},
  volume={33},
  pages={4138--4149},
  year={2020}
}

@article{fannjiang2022conformal,
  title={Conformal prediction for the design problem},
  author={Fannjiang, Clara and Bates, Stephen and Angelopoulos, Anastasios and Listgarten, Jennifer and Jordan, Michael I},
  journal={arXiv preprint arXiv:2202.03613},
  year={2022}
}

@article{xu2021conformal,
  title={Conformal Anomaly Detection on Spatio-Temporal Observations with Missing Data},
  author={Xu, Chen and Xie, Yao},
  journal={arXiv preprint arXiv:2105.11886},
  year={2021}
}

@article{gupta2022nested,
  title={Nested conformal prediction and quantile out-of-bag ensemble methods},
  author={Gupta, Chirag and Kuchibhotla, Arun K and Ramdas, Aaditya},
  journal={Pattern Recognition},
  volume={127},
  pages={108496},
  year={2022},
  publisher={Elsevier}
}

@article{linusson2020efficient,
  title={Efficient conformal predictor ensembles},
  author={Linusson, Henrik and Johansson, Ulf and Bostr{\"o}m, Henrik},
  journal={Neurocomputing},
  volume={397},
  pages={266--278},
  year={2020},
  publisher={Elsevier}
}

@inproceedings{beganovic2018ensemble,
  title={Ensemble cross-conformal prediction},
  author={Beganovic, Dorian and Smirnov, Evgueni},
  booktitle={2018 IEEE International Conference on Data Mining Workshops (ICDMW)},
  pages={870--877},
  year={2018},
  organization={IEEE}
}

@inproceedings{lofstrom2013effective,
  title={Effective utilization of data in inductive conformal prediction},
  author={L{\"o}fstr{\"o}m, Tuve and Johansson, Ulf and Bostr{\"o}m, Henrik},
  booktitle={International Joint Conference on Neural Networks, Dallas, TX, USA, August 4-9, 2013.},
  year={2013},
  organization={IEEE}
}

@inproceedings{colombo2020training,
  title={Training conformal predictors},
  author={Colombo, Nicolo and Vovk, Vladimir},
  booktitle={Conformal and Probabilistic Prediction and Applications},
  pages={55--64},
  year={2020},
  organization={PMLR}
}

@inproceedings{einbinder2022training,
  title={Training Uncertainty-Aware Classifiers with Conformalized Deep Learning},
  author={Einbinder, Bat-Sheva and Romano, Yaniv and Sesia, Matteo and Zhou, Yanfei},
  booktitle={Adv. Neural Inf. Process. Syst.},
  volume={35},
  year={2022}
}

@article{OpenML2013,
      author = {Joaquin Vanschoren and Jan N. van Rijn and Bernd Bischl and Luis Torgo},
      title = {OpenML: networked science in machine learning},
      journal = {SIGKDD Explorations},
      volume = {15},
      number = {2},
      year = {2013},
      pages = {49-60},
      publisher = {ACM}
    }
@misc{Dua:2019,
author = "Dua, Dheeru and Graff, Casey",
year = "2017",
title = "{UCI} Machine Learning Repository",
url = "http://archive.ics.uci.edu/ml",
institution = "University of California, Irvine, School of Information and Computer Sciences" } 

@inproceedings{quinlan1987inductive,
  title={Inductive knowledge acquisition: a case study},
  author={Quinlan, John Ross and Compton, Paul J and Horn, KA and Lazarus, Leslie},
  booktitle={Proceedings of the Second Australian Conference on Applications of expert systems},
  pages={137--156},
  year={1987}
}

@article{roy2018effects,
title={Effects of Degradations on Deep Neural Network Architectures},
author={Roy, Prasun and Ghosh, Subhankar and Bhattacharya, Saumik and Pal, Umapada},
journal={arXiv preprint arXiv:1807.10108},
year=2018
}

@inproceedings{krause20133d,
  title={3d object representations for fine-grained categorization},
  author={Krause, Jonathan and Stark, Michael and Deng, Jia and Fei-Fei, Li},
  booktitle={Proceedings of the IEEE international conference on computer vision workshops},
  pages={554--561},
  year={2013}
}

@ONLINE {tfflowers,
author = "The TensorFlow Team",
title = "Flowers",
month = "jan",
year = "2019",
url = "http://download.tensorflow.org/example_images/flower_photos.tgz" }


@inproceedings{he2016deep,
  title={Deep residual learning for image recognition},
  author={He, Kaiming and Zhang, Xiangyu and Ren, Shaoqing and Sun, Jian},
  booktitle={Proceedings of the IEEE conference on computer vision and pattern recognition},
  pages={770--778},
  year={2016}
}

@inproceedings{deng2009imagenet,
  title={Imagenet: A large-scale hierarchical image database},
  author={Deng, Jia and Dong, Wei and Socher, Richard and Li, Li-Jia and Li, Kai and Fei-Fei, Li},
  booktitle={2009 IEEE conference on computer vision and pattern recognition},
  pages={248--255},
  year={2009},
  organization={Ieee}
}

@misc{tensorflow2015-whitepaper,
title={ {TensorFlow}: Large-Scale Machine Learning on Heterogeneous Systems},
url={https://www.tensorflow.org/},
note={Software available from tensorflow.org},
author={
    Mart\'{i}n~Abadi and
    Ashish~Agarwal and
    Paul~Barham and
    Eugene~Brevdo and
    Zhifeng~Chen and
    Craig~Citro and
    Greg~S.~Corrado and
    Andy~Davis and
    Jeffrey~Dean and
    Matthieu~Devin and
    Sanjay~Ghemawat and
    Ian~Goodfellow and
    Andrew~Harp and
    Geoffrey~Irving and
    Michael~Isard and
    Yangqing Jia and
    Rafal~Jozefowicz and
    Lukasz~Kaiser and
    Manjunath~Kudlur and
    Josh~Levenberg and
    Dandelion~Man\'{e} and
    Rajat~Monga and
    Sherry~Moore and
    Derek~Murray and
    Chris~Olah and
    Mike~Schuster and
    Jonathon~Shlens and
    Benoit~Steiner and
    Ilya~Sutskever and
    Kunal~Talwar and
    Paul~Tucker and
    Vincent~Vanhoucke and
    Vijay~Vasudevan and
    Fernanda~Vi\'{e}gas and
    Oriol~Vinyals and
    Pete~Warden and
    Martin~Wattenberg and
    Martin~Wicke and
    Yuan~Yu and
    Xiaoqiang~Zheng},
  year={2015},
}

@inproceedings{song2019selfie,
  title={Selfie: Refurbishing unclean samples for robust deep learning},
  author={Song, Hwanjun and Kim, Minseok and Lee, Jae-Gil},
  booktitle={International Conference on Machine Learning},
  pages={5907--5915},
  year={2019},
  organization={PMLR}
}

@inproceedings{vovk2013transductive,
  title={Transductive conformal predictors},
  author={Vovk, Vladimir},
  booktitle={IFIP International Conference on Artificial Intelligence Applications and Innovations},
  pages={348--360},
  year={2013},
  organization={Springer}
}

@article{liang2022locally,
  title={Locally Adaptive Transfer Learning Algorithms for Large-Scale Multiple Testing},
  author={Liang, Ziyi and Cai, T Tony and Sun, Wenguang and Xia, Yin},
  journal={arXiv preprint arXiv:2203.11461},
  year={2022}
}

@article{ignatiadis2016data,
  title={Data-driven hypothesis weighting increases detection power in genome-scale multiple testing},
  author={Ignatiadis, Nikolaos and Klaus, Bernd and Zaugg, Judith B and Huber, Wolfgang},
  journal={Nature methods},
  volume={13},
  number={7},
  pages={577--580},
  year={2016},
  publisher={Nature Publishing Group}
}

@book{efron2012large,
  title={Large-scale inference: empirical Bayes methods for estimation, testing, and prediction},
  author={Efron, Bradley},
  volume={1},
  year={2012},
  publisher={Cambridge University Press}
}

@article{genovese2006false,
  title={False discovery control with p-value weighting},
  author={Genovese, Christopher R and Roeder, Kathryn and Wasserman, Larry},
  journal={Biometrika},
  volume={93},
  number={3},
  pages={509--524},
  year={2006},
  publisher={Oxford University Press}
}

@inproceedings{sesia2022conformalized,
  title={Conformalized Frequency Estimation from Sketched Data},
  author={Sesia, Matteo and Favaro, Stefano},
  booktitle={Adv. Neural Inf. Process. Syst.},
  volume={35},
  year={2022},
}

@article{meinshausen2006quantile,
	title={Quantile regression forests},
	author={Meinshausen, Nicolai},
	journal={J. Mach. Learn. Res.},
	volume={7},
	pages={983--999},
	year={2006}
}

@article{taylor2000quantile,
	title={A quantile regression neural network approach to estimating the conditional density of multiperiod returns},
	author={Taylor, James W.},
	journal={Journal of Forecasting},
	volume={19},
	number={4},
	pages={299--311},
	year={2000},
	publisher={Wiley Online Library}
}

@article{neumann2018relaxed,
  title={Relaxed softmax: Efficient confidence auto-calibration for safe pedestrian detection},
  author={Neumann, Lukas and Zisserman, Andrew and Vedaldi, Andrea},
  year={2018}
}

@inproceedings{guo2017calibration,
  title={On calibration of modern neural networks},
  author={Guo, Chuan and Pleiss, Geoff and Sun, Yu and Weinberger, Kilian Q},
  booktitle={Proceedings of the 34th International Conference on Machine Learning-Volume 70},
  pages={1321--1330},
  year={2017},
  organization={JMLR. org}
}

@article{platt1999probabilistic,
  title={Probabilistic outputs for support vector machines and comparisons to regularized likelihood methods},
  author={Platt, John},
  journal={Advances in large margin classifiers},
  volume={10},
  number={3},
  pages={61--74},
  year={1999},
  publisher={Cambridge, MA}
}

@inproceedings{zadrozny2002transforming,
  title={Transforming classifier scores into accurate multiclass probability estimates},
  author={Zadrozny, Bianca and Elkan, Charles},
  booktitle={Proceedings of the eighth ACM SIGKDD international conference on Knowledge discovery and data mining},
  pages={694--699},
  year={2002}
}

@inproceedings{zadrozny2001obtaining,
  title={Obtaining calibrated probability estimates from decision trees and naive Bayesian classifiers},
  author={Zadrozny, Bianca and Elkan, Charles},
  booktitle={Icml},
  volume={1},
  pages={609--616},
  year={2001},
  organization={Citeseer}
}
@article{vaicenavicius2019evaluating,
  title={Evaluating model calibration in classification},
  author={Vaicenavicius, Juozas and Widmann, David and Andersson, Carl and Lindsten, Fredrik and Roll, Jacob and Sch{\"o}n, Thomas B},
  journal={arXiv preprint arXiv:1902.06977},
  year={2019}
}

@article{lei2014distribution,
  title={Distribution-free prediction bands for non-parametric regression},
  author={Lei, Jing and Wasserman, Larry},
  journal={J. R. Stat. Soc. (B)},
  volume={76},
  number={1},
  pages={71--96},
  year={2014},
  publisher={Wiley Online Library}
}

@article{sesia2020comparison,
  title={A comparison of some conformal quantile regression methods},
  author={Sesia, Matteo and Cand{\`e}s, Emmanuel J},
  journal={Stat},
  volume={9},
  number={1},
  year={2020},
  publisher={Wiley Online Library}
}


@inproceedings{kivaranovic2019adaptive,
  title={Adaptive, distribution-free prediction intervals for deep networks},
  author={Kivaranovic, Danijel and Johnson, Kory D and Leeb, Hannes},
  booktitle={International Conference on Artificial Intelligence and Statistics},
  pages={4346--4356},
  year={2020},
  organization={PMLR}
}

@article{kuchibhotla2019nested,
  title={Nested Conformal Prediction and the Generalized Jackknife+},
  author={Kuchibhotla, Arun K and Ramdas, Aaditya K},
  journal={arXiv preprint arXiv:1910.10562},
  year={2019}
}

@article{guan2019conformal,
  title={Conformal prediction with localization},
  author={Guan, Leying},
  journal={arXiv preprint arXiv:1908.08558},
  year={2019}
}


@article{Romano2020With,
journal = {Harvard Data Science Review},
title = {With Malice Toward None: Assessing Uncertainty via Equalized Coverage},
author = {Romano, Yaniv and Barber, Rina Foygel and Sabatti, Chiara and Candès, Emmanuel},
date = {2020-04-30},
year = {2020},
month = {4},
day = {30},
}


@inproceedings{romano2019conformalized,
  title={Conformalized quantile regression},
  author={Romano, Yaniv and Patterson, Evan and Cand{\`e}s, Emmanuel J},
  booktitle={Advances in Neural Information Processing Systems},
  pages={3538--3548},
  year={2019},
}

@article{barber2019limits,
  title={The limits of distribution-free conditional predictive inference},
  author={Barber, Rina Foygel and Cand{\`e}s, Emmanuel J and Ramdas, Aaditya and Tibshirani, Ryan J},
  journal={Information and Inference},
  volume={10},
  number={2},
  pages={455--482},
  year={2021},
  publisher={Oxford University Press}
}


@article{sadinle2019least,
  title={Least ambiguous set-valued classifiers with bounded error levels},
  author={Sadinle, Mauricio and Lei, Jing and Wasserman, Larry},
  journal={J. Am. Stat. Assoc.},
  volume={114},
  number={525},
  pages={223--234},
  year={2019},
  publisher={Taylor \& Francis},
}

@techreport{vovk2003mondrian,
title = {Mondrian Confidence Machine},
author = {Vladimir Vovk and David Lindsay and Ilia Nouretdinov and Alex Gammerman},
note = {On-line Compression Modelling project},
year = {2003},
series = {On-line Compression Modelling project},
type = {Technical Report},
institution = {Royal Holloway, University of London},
}


@article{lei2018distribution,
	title={Distribution-free predictive inference for regression},
	author={Lei, Jing and G'Sell, Max and Rinaldo, Alessandro and Tibshirani, Ryan J. and Wasserman, Larry},
	journal={J. Am. Stat. Assoc.},
	volume={113},
	number={523},
	pages={1094--1111},
	year={2018},
	publisher={Taylor \& Francis},
}

@article{vovk2009line,
	title={On-line predictive linear regression},
	author={Vovk, Vladimir and Nouretdinov, Ilia and Gammerman, Alex},
	journal={Ann. Stat.},
	volume={37},
	number={3},
	pages={1566--1590},
	year={2009},
	publisher={Institute of Mathematical Statistics},
}

@book{vovk2005algorithmic,
	title={Algorithmic learning in a random world},
	author={Vovk, Vladimir and Gammerman, Alex and Shafer, Glenn},
	year={2005},
	publisher={Springer},
}

@inproceedings{kumar2019verified,
  title={Verified uncertainty calibration},
  author={Kumar, Ananya and Liang, Percy S and Ma, Tengyu},
  booktitle={Advances in Neural Information Processing Systems},
  pages={3787--3798},
  year={2019}
}

@article{sesia2021conformal,
  title={Conformal Prediction using Conditional Histograms},
  author={Sesia, Matteo and Romano, Yaniv},
  journal={Advances in Neural Information Processing Systems},
  volume={34},
  year={2021}
}

@article{fithian2020conditional,
  title={Conditional calibration for false discovery rate control under dependence},
  author={Fithian, William and Lei, Lihua},
  journal={arXiv preprint arXiv:2007.10438},
  year={2020}
}

@article{strube1985combining,
  title={Combining and comparing significance levels from nonindependent hypothesis tests.},
  author={Strube, Michael J},
  journal={Psychological bulletin},
  volume={97},
  number={2},
  pages={334},
  year={1985},
  publisher={American Psychological Association}
}

@article{sarkar1997simes,
  title={The Simes method for multiple hypothesis testing with positively dependent test statistics},
  author={Sarkar, Sanat K and Chang, Chung-Kuei},
  journal={J. Am. Stat. Assoc.},
  volume={92},
  number={440},
  pages={1601--1608},
  year={1997},
  publisher={Taylor \& Francis}
}

@article{simes1986improved,
  title={An improved Bonferroni procedure for multiple tests of significance},
  author={Simes, R John},
  journal={Biometrika},
  volume={73},
  number={3},
  pages={751--754},
  year={1986},
  publisher={Oxford University Press}
}

@article{wilson2019harmonic,
  title={The harmonic mean p-value for combining dependent tests},
  author={Wilson, Daniel J},
  journal={Proceedings of the National Academy of Sciences},
  volume={116},
  number={4},
  pages={1195--1200},
  year={2019},
  publisher={National Acad Sciences}
}

@article{kolmogorov1933sulla,
  title={Sulla determinazione empirica di una legge di distribuzione},
  author={Kolmogorov, Andrey},
  journal={Inst. Ital. Attuari, Giorn.},
  volume={4},
  pages={83--91},
  year={1933}
}

@article{eicker1979asymptotic,
  title={The asymptotic distribution of the suprema of the standardized empirical processes},
  author={Eicker, Friedhelm},
  journal={Ann. Stat.},
  pages={116--138},
  year={1979},
  publisher={JSTOR}
}

@article{zhang2020bootstrap,
  title={Bootstrap prediction intervals with asymptotic conditional validity and unconditional guarantees},
  author={Zhang, Yunyi and Politis, Dimitris N},
  journal={arXiv preprint arXiv:2005.09145},
  year={2020}
}

@article{hu2020distributionfree,
    title={A Distribution-Free Test of Covariate Shift Using Conformal Prediction},
    author={Xiaoyu Hu and Jing Lei},
    year={2020},
    journal = {arXiv preprint arXiv:2010.07147}
}

@inproceedings{Park2020PAC,
    title={{PAC} Confidence Sets for Deep Neural Networks via Calibrated Prediction},
    author={Sangdon Park and Osbert Bastani and Nikolai Matni and Insup Lee},
    booktitle={International Conference on Learning Representations},
    year={2020},
    url={https://openreview.net/forum?id=BJxVI04YvB}
}

@article{bates2021distributionfree,
  title={Distribution-free, risk-controlling prediction sets},
  author={Bates, Stephen and Angelopoulos, Anastasios and Lei, Lihua and Malik, Jitendra and Jordan, Michael},
  journal={Journal of the ACM (JACM)},
  volume={68},
  number={6},
  pages={1--34},
  year={2021},
  publisher={ACM New York, NY}
}

@inproceedings{liu2008isolation,
  title={Isolation forest},
  author={Liu, Fei Tony and Ting, Kai Ming and Zhou, Zhi-Hua},
  booktitle={2008 eighth ieee international conference on data mining},
  pages={413--422},
  year={2008},
  organization={IEEE}
}

@article{holland2020making,
  title={Making learning more transparent using conformalized performance prediction},
  author={Holland, Matthew J},
  journal={arXiv preprint arXiv:2007.04486},
  year={2020}
}

@article{Bayle2020,
  title={Cross-validation confidence intervals for test error},
  author={Bayle, Pierre and Bayle, Alexandre and Mackey, Lester and Janson, Lucas},
    journal={Advances in Neural Information Processing Systems},
  volume={33},
  year={2020}
}

@inproceedings{wisniewski2020application,
  title={Application of conformal prediction interval estimations to market makers’ net positions},
  author={Wisniewski, Wojciech and Lindsay, David and Lindsay, Sian},
  booktitle={Conformal and Probabilistic Prediction and Applications},
  pages={285--301},
  year={2020},
  organization={PMLR}
}

@inproceedings{vovk2018cross,
  title={Cross-conformal predictive distributions},
  author={Vovk, Vladimir and Nouretdinov, Ilia and Manokhin, Valery and Gammerman, Alexander},
  booktitle={Conformal and Probabilistic Prediction and Applications},
  pages={37--51},
  year={2018},
  organization={PMLR}
}

@article{kuchibhotla2020exchangeability,
  title={Exchangeability, Conformal Prediction, and Rank Tests},
  author={Kuchibhotla, Arun Kumar},
  journal={arXiv preprint arXiv:2005.06095},
  year={2020}
}

@techreport{friedman2004multivariate,
  title={On multivariate goodness-of-fit and two-sample testing},
  author={Friedman, Jerome},
  year={2004},
  institution={No. SLAC-PUB-10325. Stanford Linear Accelerator Center, Menlo Park, CA (US)}
}

@inproceedings{lopez2017revisiting,
  title={Revisiting classifier two-sample tests},
  author={Lopez-Paz, David and Oquab, Maxime},
  booktitle={International Conference on Learning Representations},
  year={2017}
}

@article{kim2021classification,
  title={Classification accuracy as a proxy for two-sample testing},
  author={Kim, Ilmun and Ramdas, Aaditya and Singh, Aarti and Wasserman, Larry and others},
  journal={Ann. Stat.},
  volume={49},
  number={1},
  pages={411--434},
  year={2021},
  publisher={Institute of Mathematical Statistics}
}


@incollection{wilcoxon1992individual,
  title={Individual comparisons by ranking methods},
  author={Wilcoxon, Frank},
  booktitle={Breakthroughs in statistics},
  pages={196--202},
  year={1992},
  publisher={Springer}
}


@article{riani2009finding,
  title={Finding an unknown number of multivariate outliers},
  author={Riani, Marco and Atkinson, Anthony C and Cerioli, Andrea},
  journal={J. R. Stat. Soc. (B)},
  volume={71},
  number={2},
  pages={447--466},
  year={2009},
  publisher={Wiley Online Library}
}


@book{hawkins1980identification,
  title={Identification of outliers},
  author={Hawkins, Douglas M},
  volume={11},
  year={1980},
  publisher={Springer}
}


@article{wilks1963multivariate,
  title={Multivariate statistical outliers},
  author={Wilks, Samuel S},
  journal={Sankhy{\=a}: The Indian Journal of Statistics, Series A},
  pages={407--426},
  year={1963},
  publisher={JSTOR}
}


@article{cerioli2010multivariate,
  title={Multivariate outlier detection with high-breakdown estimators},
  author={Cerioli, Andrea},
  journal={J. Am. Stat. Assoc.},
  volume={105},
  number={489},
  pages={147--156},
  year={2010},
  publisher={Taylor \& Francis}
}


@INPROCEEDINGS{Narsingyani2015,
  author={D. {Narsingyani} and O. {Kale}},
  booktitle={2015 IEEE 3rd International Conference on MOOCs, Innovation and Technology in Education (MITE)}, 
  title={Optimizing false positive in anomaly based intrusion detection using Genetic algorithm}, 
  year={2015},
  volume={},
  number={},
  pages={72-77},
}
  

@article{storey2002direct,
  title={A direct approach to false discovery rates},
  author={Storey, John D},
  journal={J. R. Stat. Soc. (B)},
  volume={64},
  number={3},
  pages={479--498},
  year={2002},
  publisher={Wiley Online Library}
}


@article{katsevich2020,
author = "Katsevich, Eugene and Ramdas, Aaditya",
fjournal = "Ann. Stat.",
journal = "Ann. Statist.",
month = "12",
number = "6",
pages = "3465--3487",
publisher = "The Institute of Mathematical Statistics",
title = "Simultaneous high-probability bounds on the false discovery proportion in structured, regression and online settings",
volume = "48",
year = "2020"
}

@article{chalapathy2019deep,
  title={Deep learning for anomaly detection: A survey},
  author={Chalapathy, Raghavendra and Chawla, Sanjay},
  journal={preprint at arXiv:1901.03407},
  year={2019}
}

@inproceedings{sabokrou2018adversarially,
  title={Adversarially learned one-class classifier for novelty detection},
  author={Sabokrou, Mohammad and Khalooei, Mohammad and Fathy, Mahmood and Adeli, Ehsan},
  booktitle={Proceedings of the IEEE Conference on Computer Vision and Pattern Recognition},
  pages={3379--3388},
  year={2018}
}

@inproceedings{aggarwal2015outlier,
  title={Outlier analysis},
  author={Aggarwal, Charu C},
  booktitle={Data mining},
  pages={237--263},
  year={2015},
  organization={Springer}
}


@article{khan2014one,
  title={One-class classification: taxonomy of study and review of techniques},
  author={Khan, Shehroz S and Madden, Michael G},
  journal={The Knowledge Engineering Review},
  volume={29},
  number={3},
  pages={345--374},
  year={2014},
  publisher={Cambridge University Press}
}


@article{agrawal2015survey,
  title={Survey on anomaly detection using data mining techniques},
  author={Agrawal, Shikha and Agrawal, Jitendra},
  journal={Procedia Computer Science},
  volume={60},
  pages={708--713},
  year={2015},
  publisher={Elsevier}
}

@inproceedings{cai2020real,
  title={Real-time Out-of-distribution Detection in Learning-Enabled Cyber-Physical Systems},
  author={Cai, Feiyang and Koutsoukos, Xenofon},
  booktitle={2020 ACM/IEEE 11th International Conference on Cyber-Physical Systems (ICCPS)},
  pages={174--183},
  year={2020},
  organization={IEEE}
}

@article{laxhammar2015inductive,
  title={Inductive conformal anomaly detection for sequential detection of anomalous sub-trajectories},
  author={Laxhammar, Rikard and Falkman, G{\"o}ran},
  journal={Annals of Mathematics and Artificial Intelligence},
  volume={74},
  number={1-2},
  pages={67--94},
  year={2015},
  publisher={Springer}
}

@book{fisher1925statistical,
  author = {Fisher, R.A.},
  publisher = {Oliver \& Boyd (Edinburgh)},
  title = {Statistical methods for research workers},
  year = 1925
}

@article{clarke2009robustness,
author = {Sandy Clarke and Peter Hall},
title = {{Robustness of multiple testing procedures against dependence}},
volume = {37},
journal = {Ann. Stat.},
number = {1},
publisher = {Institute of Mathematical Statistics},
pages = {332 -- 358},
keywords = {False-discovery rate, family-wise error rate, linear process, moving average, multiplicity, significance level, simultaneous hypothesis testing, time-series},
year = {2009},
}

@article{benjamini2001control,
  title={The control of the false discovery rate in multiple testing under dependency},
  author={Benjamini, Yoav and Yekutieli, Daniel},
  journal={Ann. Stat.},
  pages={1165--1188},
  year={2001},
  publisher={JSTOR}
}

@inbook{Tarassenko2009,
author = {Tarassenko, Lionel and Clifton, David A. and Bannister, Peter R. and King, Steve and King, Dennis},
publisher = {American Cancer Society},
isbn = {9780470061626},
title = {Novelty Detection},
booktitle = {Encyclopedia of Structural Health Monitoring},
chapter = {},
pages = {},
year = {2009},
}

@article{patcha2007overview,
  title={An overview of anomaly detection techniques: Existing solutions and latest technological trends},
  author={Patcha, Animesh and Park, Jung-Min},
  journal={Computer networks},
  volume={51},
  number={12},
  pages={3448--3470},
  year={2007},
  publisher={Elsevier}
}


@article{Fortunato2020,
author = {Fortunato, Francesca and Anderlucci, Laura and Montanari, Angela},
title = {One-class classification with application to forensic analysis},
journal = {J. R. Stat. Soc. (C)},
volume = {69},
number = {5},
pages = {1227-1249},
keywords = {Data depth measure, One-class classification, Transvariation probability},
year = {2020}
}


@inproceedings{tarassenko1995novelty,
  title={Novelty detection for the identification of masses in mammograms},
  author={Tarassenko, L and Hayton, P and Cerneaz, N and Brady, M},
  booktitle={1995 Fourth International Conference on Artificial Neural Networks},
  pages={442--447},
  year={1995},
  organization={IET}
}

@article{moya1993one,
  title={One-class classifier networks for target recognition applications},
  author={Moya, Mary M and Koch, Mark W and Hostetler, Larry D},
  journal={NASA STI/Recon Technical Report N},
  volume={93},
  pages={24043},
  year={1993}
}



@article{benjamini1995controlling,
  title={Controlling the false discovery rate: a practical and powerful approach to multiple testing},
  author={Benjamini, Yoav and Hochberg, Yosef},
  journal={J. R. Stat. Soc. (B)},
  volume={57},
  number={1},
  pages={289--300},
  year={1995},
  publisher={Wiley Online Library}
}


@article{scikit-learn,
 title={Scikit-learn: Machine Learning in {P}ython},
 author={Pedregosa, F. and Varoquaux, G. and Gramfort, A. and Michel, V.
         and Thirion, B. and Grisel, O. and Blondel, M. and Prettenhofer, P.
         and Weiss, R. and Dubourg, V. and Vanderplas, J. and Passos, A. and
         Cournapeau, D. and Brucher, M. and Perrot, M. and Duchesnay, E.},
 journal={J. Mach. Learn. Res.},
 volume={12},
 pages={2825--2830},
 year={2011}
}


@misc{shuttle,
	author={},
	title = {{Statlog (Shuttle) Data Set}},
	howpublished = {\url{http://odds.cs.stonybrook.edu/shuttle-dataset}},
	note = {Accessed: January, 2021}
}


@misc{pendigits,
	author={},
	title = {{Pen-Based Recognition of Handwritten Digits Data Set}},
	howpublished = {\url{http://odds.cs.stonybrook.edu/pendigits-dataset}},
	note = {Accessed: January, 2021}
}

@misc{mammography,
	author={},
	title = {{Mammography Data Set}},
	howpublished = {\url{http://odds.cs.stonybrook.edu/mammography-dataset/}},
	note = {Accessed: January, 2021}
}

@misc{KDDCup99,
	author={},
	title = {{KDD Cup 1999 Data Set}},
	howpublished = {\url{https://www.kaggle.com/mlg-ulb/creditcardfraud}},
	note = {Not normalized, without duplicates, categorial attributes removed. Accessed: January, 2021}
}

@misc{creditcard,
	author={},
	title = {{Credit Card Fraud Detection Data Set}},
	howpublished = {\url{https://www.kaggle.com/mlg-ulb/creditcardfraud}},
	note = {Accessed: January, 2021}
}

@misc{cover,
	author={},
	title = {{Covertype Data Set}},
	howpublished = {\url{http://odds.cs.stonybrook.edu/forestcovercovertype-dataset}},
	note = {Accessed: January, 2021}
}

@misc{aloi,
	author={},
	title = {{Amsterdam Library of Object Images (ALOI) Data Set}},
	howpublished = {\url{https://www.dbs.ifi.lmu.de/research/outlier-evaluation/DAMI/literature/ALOI}},
	note = {Not normalized, without duplicates. Accessed: January, 2021}
}

@article{campos2016evaluation,
  title={On the evaluation of unsupervised outlier detection: measures, datasets, and an empirical study},
  author={Campos, Guilherme O and Zimek, Arthur and Sander, J{\"o}rg and Campello, Ricardo JGB and Micenkov{\'a}, Barbora and Schubert, Erich and Assent, Ira and Houle, Michael E},
  journal={Data mining and knowledge discovery},
  volume={30},
  number={4},
  pages={891--927},
  year={2016},
  publisher={Springer}
}

@article{Gneiting2014probabilistic,
    author = {Gneiting, Tilmann and Katzfuss, Matthias},
    title = {Probabilistic Forecasting},
    journal = {Annual Review of Statistics and Its Application},
    volume = {1},
    number = {1},
    pages = {125-151},
    year = {2014},
}

@article{shen2017prediction,
    title = "Prediction with confidence---a general framework for predictive inference",
    journal = "Journal of Statistical Planning and Inference",
    volume = "195",
    pages = "126 - 140",
    year = "2018",
    note = "Confidence distributions",
    issn = "0378-3758",
    author = "Jieli Shen and Regina Y. Liu and Min-ge Xie",
    keywords = "Confidence distribution, Distributional inference, Frequentist coverage, Prediction, Predictive distribution",
}


@article{barndorff1996prediction,
 author = {O. E. Barndorff-Nielsen and David R. Cox},
 journal = {Bernoulli},
 number = {4},
 pages = {319--340},
 publisher = {International Statistical Institute (ISI) and Bernoulli Society for Mathematical Statistics and Probability},
 title = {Prediction and Asymptotics},
 volume = {2},
 year = {1996}
}

@article{lawless2005frequentist,
 author = {J. F. Lawless and Marc Fredette},
 journal = {Biometrika},
 number = {3},
 pages = {529--542},
 publisher = {[Oxford University Press, Biometrika Trust]},
 title = {Frequentist Prediction Intervals and Predictive Distributions},
 volume = {92},
 year = {2005}
}


@article{Sadinle2016LeastAS,
  title={Least Ambiguous Set-Valued Classifiers With Bounded Error Levels},
  author={Mauricio Sadinle and Jing Lei and L. Wasserman},
  journal={J. Am. Stat. Assoc.},
  year={2016},
  volume={114},
  pages={223 - 234}
}

@misc{hechtlinger2018cautious,
    title={Cautious Deep Learning},
    author={Yotam Hechtlinger and Barnabás Póczos and Larry Wasserman},
    year={2018},
    eprint={1805.09460},
    archivePrefix={arXiv},
    primaryClass={stat.ML},
    note={arXiv:1805.09460}
}

@article{angelopoulos2020sets,
  title={Uncertainty Sets for Image Classifiers using Conformal Prediction},
  author={Angelopoulos, Anastasios N and Bates, Stephen and Malik, Jitendra and Jordan, Michael I},
  journal={preprint at arXiv:2009.14193},
  year={2020}
}

@article{lei2013conformal,
author = {Lei, Jing and Rinaldo, Alessandro and Wasserman, Larry},
year = {2013},
month = {02},
pages = {},
title = {A Conformal Prediction Approach to Explore Functional Data},
volume = {74},
journal = {Annals of Mathematics and Artificial Intelligence},
}

@inproceedings{izbicki2019flexible,
  title={Flexible distribution-free conditional predictive bands using density estimators},
  author={Izbicki, Rafael and Shimizu, Gilson and Stern, Rafael},
  booktitle={International Conference on Artificial Intelligence and Statistics},
  pages={3068--3077},
  year={2020},
  organization={PMLR}
}

@book{krishnamoorthy2009statistical,
  title={Statistical Tolerance Regions: Theory, Applications, and Computation},
  author={Krishnamoorthy, K. and Mathew, T.},
  isbn={9780470473894},
  series={Wiley Series in Probability and Statistics},
  year={2009},
  publisher={Wiley}
}

@article{wilks1941,
author = "Wilks, S. S.",
fjournal = "Annals of Mathematical Statistics",
journal = "Ann. Math. Statist.",
month = "03",
number = "1",
pages = "91--96",
publisher = "The Institute of Mathematical Statistics",
title = "Determination of Sample Sizes for Setting Tolerance Limits",
volume = "12",
year = "1941"
}

@article{tukey1947,
author = "Tukey, John W.",
fjournal = "Annals of Mathematical Statistics",
journal = "Ann. Math. Statist.",
month = "12",
number = "4",
pages = "529--539",
publisher = "The Institute of Mathematical Statistics",
title = "Non-Parametric Estimation II. Statistically Equivalent Blocks and Tolerance Regions--The Continuous Case",
volume = "18",
year = "1947"
}


@article{wilks1942,
author = "Wilks, S. S.",
fjournal = "Annals of Mathematical Statistics",
journal = "Ann. Math. Statist.",
month = "12",
number = "4",
pages = "400--409",
publisher = "The Institute of Mathematical Statistics",
title = "Statistical Prediction with Special Reference to the Problem of Tolerance Limits",
volume = "13",
year = "1942"
}

@article{wald1943,
author = "Wald, Abraham",
fjournal = "Annals of Mathematical Statistics",
journal = "Ann. Math. Statist.",
month = "03",
number = "1",
pages = "45--55",
publisher = "The Institute of Mathematical Statistics",
title = "An Extension of Wilks' Method for Setting Tolerance Limits",
volume = "14",
year = "1943"
}

@inproceedings{vovk2003,
author = {Vovk, Vladimir and Nouretdinov, Ilia and Gammerman, Alexander},
year = {2003},
month = {01},
pages = {768-775},
title = {Testing Exchangeability On-Line.}
}

@article{chernozhukov2019distributional,
  title={Distributional conformal prediction},
  author={Chernozhukov, Victor and W{\"u}thrich, Kaspar and Zhu, Yinchu},
  journal={Proceedings of the National Academy of Sciences},
  volume={118},
  number={48},
  pages={e2107794118},
  year={2021},
  publisher={National Acad Sciences}
}

@article{romano2020classification,
    title={Classification with Valid and Adaptive Coverage},
    author={Yaniv Romano and Matteo Sesia and Emmanuel J. Cand{\`e}s},
    year={2020},
  journal={Advances in Neural Information Processing Systems},
  volume={33},
  year={2020}
}

@incollection{chen2018why,
title = {Why Is My Classifier Discriminatory?},
author = {Chen, Irene and Johansson, Fredrik D and Sontag, David},
booktitle = {Advances in Neural Information Processing Systems 31},
pages = {3539--3550},
year = {2018},
url = {http://papers.nips.cc/paper/7613-why-is-my-classifier-discriminatory.pdf}
}

@article{henderson2010predicting,
    title = {Predicting Crime},
    authors = {Henderson, Todd M. and Wolfers, Justin and Zitzewitz, Eric},
    year = {2010},
    journal={Arizona Law Review},
    volume = {52},
    pages = {15--64}
}

@inproceedings{goodfellow2014generative,
  title={Generative adversarial nets},
  author={Goodfellow, Ian and Pouget-Abadie, Jean and Mirza, Mehdi and Xu, Bing and Warde-Farley, David and Ozair, Sherjil and Courville, Aaron and Bengio, Yoshua},
  booktitle={Advances in Neural Information Processing Systems 27},
  pages={2672--2680},
  year={2014}
}

@inproceedings{lopez2016revisiting,
  author    = {David Lopez{-}Paz and
               Maxime Oquab},
  title     = {Revisiting Classifier Two-Sample Tests},
  booktitle = {5th International Conference on Learning Representations},
  year      = {2017}
}

@article{szekely2013energy,
  title={Energy statistics: A class of statistics based on distances},
  author={Sz{\'e}kely, G{\'a}bor J and Rizzo, Maria L},
  journal={{Journal of Statistical Planning and Inference}},
  volume={143},
  number={8},
  pages={1249--1272},
  year={2013},
  publisher={Elsevier}
}

@article{gretton2012kernel,
  title={A kernel two-sample test},
  author={Gretton, Arthur and Borgwardt, Karsten M and Rasch, Malte J and Sch{\"o}lkopf, Bernhard and Smola, Alexander},
  journal={J. Mach. Learn. Res.},
  volume={13},
  number={Mar},
  pages={723--773},
  year={2012}
}

@article{friedman1983graph,
  title={Graph-theoretic measures of multivariate association and prediction},
  author={Friedman, Jerome H and Rafsky, Lawrence C},
  journal={Ann. Stat.},
  volume={11},
  number={2},
  pages={377--391},
  year={1983},
  publisher={Institute of Mathematical Statistics}
}

@article{friedman1979multivariate,
  title={Multivariate generalizations of the {Wald-Wolfowitz} and {Smirnov} two-sample tests},
  author={Friedman, Jerome H and Rafsky, Lawrence C},
  journal={Ann. Stat.},
  pages={697--717},
  year={1979},
  publisher={JSTOR}
}

@article{kamiran2012data,
  title={Data preprocessing techniques for classification without discrimination},
  author={Kamiran, Faisal and Calders, Toon},
  journal={Knowledge and Information Systems},
  volume={33},
  number={1},
  pages={1--33},
  year={2012},
  publisher={Springer}
}

@inproceedings{menon2018cost,
  title={The cost of fairness in binary classification},
  author={Menon, Aditya Krishna and Williamson, Robert C},
  booktitle={Conference on Fairness, Accountability and Transparency},
  pages={107--118},
  year={2018}
}

@inproceedings{wick2019unlocking,
  title={Unlocking Fairness: a Trade-off Revisited},
  author={Wick, Michael and Tristan, Jean-Baptiste and others},
  booktitle={Advances in Neural Information Processing Systems},
  pages={8780--8789},
  year={2019}
}

@article{chouldechova2018frontiers,
author = {Chouldechova, Alexandra and Roth, Aaron},
title = {A Snapshot of the Frontiers of Fairness in Machine Learning},
year = {2020},
issue_date = {May 2020},
publisher = {Association for Computing Machinery},
address = {New York, NY, USA},
volume = {63},
number = {5},
issn = {0001-0782},
journal = {Commun. ACM},
month = apr,
pages = {82–89},
numpages = {8}
}


@article{barocas2017fairness,
  title={Fairness in machine learning},
  author={Barocas, Solon and Hardt, Moritz and Narayanan, Arvind},
  journal={Advances in Neural Information Processing Systems Tutorial},
  year={2017}
}

@misc{tansey2018holdout,
    title={The Holdout Randomization Test: Principled and Easy Black Box Feature Selection},
    author={Wesley Tansey and Victor Veitch and Haoran Zhang and Raul Rabadan and David M. Blei},
    year={2018},
    eprint={1811.00645},
    archivePrefix={arXiv},
    primaryClass={stat.ME}
}

@article{candes2018panning,
  title={Panning for Gold: Model-{X} Knockoffs for High-dimensional Controlled Variable Selection},
  author={Cand\`es, Emmanuel and Fan, Yingying and Janson, Lucas and Lv, Jinchi},
  journal={J. R. Stat. Soc. (B)},
  volume={80},
  number={3},
  pages={551--577},
  year={2018}
}

@inproceedings{zhang2018mitigating,
  title={Mitigating unwanted biases with adversarial learning},
  author={Zhang, Brian Hu and Lemoine, Blake and Mitchell, Margaret},
  booktitle={Proceedings of the 2018 AAAI/ACM Conference on AI, Ethics, and Society},
  pages={335--340},
  year={2018}
}

@inproceedings{louppe2017learning,
  title={Learning to pivot with adversarial networks},
  author={Louppe, Gilles and Kagan, Michael and Cranmer, Kyle},
  booktitle = {Advances in Neural Information Processing Systems 30},
  pages={981--990},
  year={2017}
}

@incollection{quadrianto2017recycling,
title = {Recycling Privileged Learning and Distribution Matching for Fairness},
author = {Quadrianto, Novi and Sharmanska, Viktoriia},
booktitle = {Advances in Neural Information Processing Systems 30},
pages = {677--688},
year = {2017},
}

@incollection{donini2018empirical,
title = {Empirical Risk Minimization Under Fairness Constraints},
author = {Donini, Michele and Oneto, Luca and Ben-David, Shai and Shawe-Taylor, John S and Pontil, Massimiliano},
booktitle = {Advances in Neural Information Processing Systems 31},
pages = {2791--2801},
year = {2018},
}

@inproceedings{mary2019fairness,
  title={Fairness-aware learning for continuous attributes and treatments},
  author={Mary, J{\'e}r{\'e}mie and Calauzenes, Cl{\'e}ment and El Karoui, Noureddine},
  booktitle={International Conference on Machine Learning},
  pages={4382--4391},
  year={2019}
}

@article{Rudin2020Age,
	journal = {Harvard Data Science Review},
	number = {1},
	title = {The Age of Secrecy and Unfairness in Recidivism Prediction},
	volume = {2},
	author = {Rudin, Cynthia and Wang, Caroline and Coker, Beau},
	year = {2020},
}

@article{shafer2008tutorial,
	title={A tutorial on conformal prediction},
	author={Shafer, Glenn and Vovk, Vladimir},
	journal={{J. Mach. Learn. Res.}},
	volume={9},
	pages={371--421},
	year={2008}
}

@INPROCEEDINGS{gardner2018morf, 
	author={Gardner, Josh and Brooks, Christopher and Andres, Juan Miguel and Baker, Ryan S}, 
	booktitle={{2018 {IEEE} International Conference on Big Data (Big Data)}}, 
	title={{MORF}: A Framework for Predictive Modeling and Replication At Scale With Privacy-Restricted MOOC Data}, 
	year={2018}, 
	pages={3235-3244}, 
}

@InProceedings{vovk2019universally, 
    title = {Universally Consistent Conformal Predictive Distributions}, 
    author = {Vovk, Vladimir}, 
    pages = {105--122}, 
    year = {2019}, 
    editor = {Alex Gammerman and Vladimir Vovk and Zhiyuan Luo and Evgueni Smirnov}, 
    volume = {105}, 
    series = {Proceedings of Machine Learning Research}, 
    address = {Golden Sands, Bulgaria}, 
    month = {09--11 Sep}, 
    publisher = {PMLR}, 
    pdf = {http://proceedings.mlr.press/v105/vovk19a/vovk19a.pdf}, url = {http://proceedings.mlr.press/v105/vovk19a.html}, 
}


@inproceedings{gardner2019evaluating,
	author = {Gardner, Josh and Brooks, Christopher and Baker, Ryan}, 
	title = {Evaluating the Fairness of Predictive Student Models Through Slicing Analysis}, 
	year = {2019}, 
	booktitle = {{Proceedings of the 9th International Conference on Learning Analytics and Knowledge}}, 
	pages = {225–-234},
}


@article{kaback1977tai,
  title={{Tay-Sachs} Disease: Screening and Prevention},
  author={Kaback, M. M. and O'Brien, J. S. and Rimoin, D. L.},
  year={1977},
  journal={Alan R. Liss (pub.)}
}


@article{kessler2016challenges,
	Author = {Kessler, Michael D. and Yerges-Armstrong, Laura and Taub, Margaret A. and Shetty, Amol C. and Maloney, Kristin and others},
	Journal = {{Nature Communications}},
	Number = {1},
	Pages = {12521},
	Title = {Challenges and disparities in the application of personalized genomic medicine to populations with {African} ancestry},
	Ty = {{JOUR}},
	Volume = {7},
	Year = {2016},
}


@article{kleinberg2018algorithmic,
	Author = {Kleinberg, Jon and Ludwig, Jens and Mullainathan, Sendhil and Rambachan, Ashesh},
	Title = {Algorithmic Fairness},
	Journal = {{AEA Papers and Proceedings}},
	Volume = {108},
	Year = {2018},
	Month = {May},
	Pages = {22--27},
}

@article{zafar2017fairnessconstraints,
	author  = {Muhammad Bilal Zafar and Isabel Valera and Manuel Gomez-Rodriguez and Krishna P. Gummadi},
	title   = { Fairness Constraints: A Flexible Approach for Fair Classification },
	journal = {{J. Mach. Learn. Res.}},
	year    = {2019},
	volume  = {20},
	number  = {75},
	pages   = {1--42},
}


@inproceedings{feldman2015certifying,
	author = {Feldman, Michael and Friedler, Sorelle A. and Moeller, John and Scheidegger, Carlos and Venkatasubramanian, Suresh},
	title = {Certifying and Removing Disparate Impact},
	year = {2015},
	booktitle = {{Proceedings of the 21st ACM SIGKDD International Conference on Knowledge Discovery and Data Mining}},
	pages = {259--268},
}


@InProceedings{hebert2018multicalibration,
	title = 	 {Multicalibration: Calibration for the ({C}omputationally-Identifiable) Masses},
	author = 	 {Hebert-Johnson, Ursula and Kim, Michael and Reingold, Omer and Rothblum, Guy},
	booktitle = 	 {{Proceedings of the 35th International Conference on Machine Learning}},
	pages = 	 {1939--1948},
	year = 	 {2018},
}

@inproceedings{kim2018multiaccuracy,
	author = {Kim, Michael P. and Ghorbani, Amirata and Zou, James},
	title = {Multiaccuracy: Black-Box Post-Processing for Fairness in Classification},
	year = {2019},
	booktitle = {{Proceedings of the 2019 AAAI/ACM Conference on AI, Ethics, and Society}},
	pages = {247-–254},
}

@InProceedings{vovk2012conditional,
	title = 	 {Conditional Validity of Inductive Conformal Predictors},
	author = 	 {Vladimir Vovk},
	booktitle = 	 {{Proceedings of the Asian Conference on Machine Learning}},
	pages = 	 {475--490},
	year = 	 {2012},
	volume = 	 {25},
}

@article{barber2019predictive,
  title={Predictive inference with the jackknife+},
  author={Barber, Rina Foygel and Cand{\`e}s, Emmanuel J and Ramdas, Aaditya and Tibshirani, Ryan J and others},
  journal={Ann. Stat.},
  volume={49},
  number={1},
  pages={486--507},
  year={2021},
  publisher={Institute of Mathematical Statistics}
}

@article{romano2019malice,
	title = {With Malice Toward None: Assessing Uncertainty via Equalized Coverage},
	author = {Romano, Yaniv and Barber, Rina Foygel and Sabatti, Chiara and Cand{\`e}s, Emmanuel},
	year = {2020},
	journal = {Harvard Data Science Review},
}

@article{RetT02,
Author = {Risch, Neil and Burchard, Esteban and Ziv, Elad and Tang, Hua},
Journal = {{Genome Biology}},
Number = 7,
Pages = {comment2007.1},
Title = {Categorization of humans in biomedical research: genes, race and disease},
Ty = {{JOUR}},
Volume = 3,
Year = 2002,
}

@article{LetS18,
  title={Causal reasoning for algorithmic fairness},
author={Loftus, Joshua R and Russell, Chris and Kusner, Matt J and Silva, Ricardo},
journal={preprint at arXiv:1805.05859},
year={2018}
}

@incollection{BetP18,
title = {Envy-Free Classification},
author = {Balcan, Maria-Florina F and Dick, Travis and Noothigattu, Ritesh and Procaccia, Ariel D},
booktitle = {{Advances in Neural Information Processing Systems 32}},
pages = {1240--1250},
year = {2019},
}

@article{sweeney2013discrimination,
	title = {Discrimination in online ad delivery},
journal = {{Commun. ACM}},
volume = {56},
number = {5},
year = {2013},
pages = {44--54},
publisher = {{ACM}},
author = {Sweeney, Latanya}
}

@inproceedings{bolukbasi2016man,
title = {Man is to Computer Programmer as Woman is to Homemaker? Debiasing Word Embeddings},
author = {Bolukbasi, Tolga and Chang, Kai-Wei and Zou, James Y and Saligrama, Venkatesh and Kalai, Adam T},
booktitle = {{Advances in Neural Information Processing Systems 29}},
pages = {4349--4357},
year = {2016},
}

@InProceedings{buolamwini2018gender,
	title = 	 {Gender Shades: Intersectional Accuracy Disparities in Commercial Gender Classification},
	author = 	 {Joy Buolamwini and Timnit Gebru},
	booktitle = 	 {{Proceedings of the 1st Conference on Fairness, Accountability and Transparency}},
	pages = 	 {77--91},
	year = 	 {2018},
	volume = 	 {81},
}


@book{WhiteHouse,
  title={Big Data: Seizing Opportunities, Preserving Values},
  author={{Executive Office of the President}},
  isbn={9781503016446},
  year={2014},
  publisher={{Createspace Independent Pub}}
}


@article{chouldechova2017fair,
author = {Chouldechova, Alexandra},
title = {Fair Prediction with Disparate Impact: A Study of Bias in Recidivism Prediction Instruments},
journal = {{Big Data}},
volume = {5},
number = {2},
pages = {153-163},
year = {2017},
}

@inproceedings{kleinberg2017inherent,
  author =	{Jon Kleinberg and Sendhil Mullainathan and Manish Raghavan},
title =	{Inherent Trade-Offs in the Fair Determination of Risk Scores},
booktitle =	{{8th Innovations in Theoretical Computer Science Conference (ITCS 2017)}},
pages =	{43:1--43:23},
ISBN =	{978-3-95977-029-3},
ISSN =	{1868-8969},
year =	{2017},
volume =	{67},
}

@incollection{hardt2016equality,
	title = {Equality of Opportunity in Supervised Learning},
	author = {Hardt, Moritz and Price, Eric and Srebro, Nati},
	booktitle = {{Advances in Neural Information Processing Systems 29}},
	pages = {3315--3323},
	year = {2016},
}


@book{o2017weapons,
  title={Weapons of math destruction: How big data increases inequality and threatens democracy},
  author={O'Neil, Cathy},
  year={2017},
  publisher={{Broadway Books}}
}


@inproceedings{dwork2012fairness,
author = {Dwork, Cynthia and Hardt, Moritz and Pitassi, Toniann and Reingold, Omer and Zemel, Richard},
title = {Fairness through Awareness},
year = {2012},
booktitle = {{Proceedings of the 3rd Innovations in Theoretical Computer Science Conference}},
pages = {214-–226},
}

@article{corbett2018measure,
  title={The measure and mismeasure of fairness: A critical review of fair machine learning},
  author={Corbett-Davies, Sam and Goel, Sharad},
  journal={preprint at arXiv:1808.00023},
  year={2018}
}

@inproceedings{zafar2017fairness,
author = {Zafar, Muhammad Bilal and Valera, Isabel and Gomez Rodriguez, Manuel and Gummadi, Krishna P.},
title = {Fairness Beyond Disparate Treatment {\&} Disparate Impact: Learning Classification without Disparate Mistreatment},
year = {2017},
booktitle = {{Proceedings of the 26th International Conference on World Wide Web}},
pages = {1171-–1180},
}

@article{dieterich2016compas,
  title={COMPAS risk scales: Demonstrating accuracy equity and predictive parity},
  author={Dieterich, William and Mendoza, Christina and Brennan, Tim},
  journal={{Northpoint Inc.}},
  year={2016}
}

@incollection{Kusner2017,
	title = {Counterfactual Fairness},
	author = {Kusner, Matt J and Loftus, Joshua and Russell, Chris and Silva, Ricardo},
	booktitle = {{Advances in Neural Information Processing Systems 30}},
	pages = {4066--4076},
	year = {2017},
}


@inproceedings{linusson2014signed,
  title={Signed-error conformal regression},
  author={Linusson, Henrik and Johansson, Ulf and L{\"o}fstr{\"o}m, Tuve},
  booktitle={Pacific-Asia Conference on Knowledge Discovery and Data Mining},
  pages={224--236},
  year={2014},
  organization={Springer}
}

@article{kingma2014adam,
  title={Adam: A method for stochastic optimization},
  author={Kingma, Diederik P. and Ba, Jimmy},
  journal={preprint at arXiv:1412.6980},
  year={2014}
}

@article{vovk2017nonparametric,
	title={Nonparametric predictive distributions based on conformal prediction},
	author={Vovk, Vladimir and Shen, Jieli and Manokhin, Valery and Xie, Min-ge},
	journal={{Machine Learning}},
	pages={1--30},
	year={2017},
	publisher={Springer}
}

@article{lian2016landslide,
	title={Landslide displacement prediction with uncertainty based on neural networks with random hidden weights},
	author={Lian, Cheng and Zeng, Zhigang and Yao, Wei and Tang, Huiming and Chen, Chun Lung Philip},
	journal={{{IEEE} Transactions on Neural Networks and Learning Systems}},
	volume={27},
	number={12},
	pages={2683--2695},
	year={2016},
	publisher={{IEEE}}
}

@inproceedings{lakshminarayanan2017simple,
	title={Simple and scalable predictive uncertainty estimation using deep ensembles},
	author={Lakshminarayanan, Balaji and Pritzel, Alexander and Blundell, Charles},
	booktitle={{Advances in Neural Information Processing Systems}},
	pages={6402--6413},
	year={2017}
}

@inproceedings{pearce2018high,
	title={High-quality prediction intervals for deep learning: A distribution-free, ensembled approach},
	author={Pearce, Tim and Zaki, Mohamed and Brintrup, Alexandra and Neely, Andy},
	booktitle={{International Conference on Machine Learning}},
	pages={6473--6482},
	year={2018}
}

@inproceedings{gal2016dropout,
	title={Dropout as a {Bayesian} approximation: Representing model uncertainty in deep learning},
	author={Gal, Yarin and Ghahramani, Zoubin},
	booktitle={{International Conference on Machine Learning}},
	pages={1050--1059},
	year={2016}
}


@article{koenker2001quantile,
	title={Quantile regression},
	author={Koenker, Roger and Hallock, Kevin F.},
	journal={{Journal of Economic Perspectives}},
	volume={15},
	number={4},
	pages={143--156},
	year={2001}
}

@article{koenker1978regression,
author = {Roger Koenker and Gilbert Bassett},
journal = {{Econometrica}},
number = {1},
pages = {33--50},
publisher = {{Wiley, Econometric Society}},
title = {Regression Quantiles},
volume = {46},
year = {1978}
}

@article{bassett1982empirical,
  title={An empirical quantile function for linear models with iid errors},
  author={Bassett Jr, Gilbert and Koenker, Roger},
  journal={{J. Am. Stat. Assoc.}},
  volume={77},
  number={378},
  pages={407--415},
  year={1982}
}

@article{bostrom2017accelerating,
	title={Accelerating difficulty estimation for conformal regression forests},
	author={Bostr{\"o}m, Henrik and Linusson, Henrik and L{\"o}fstr{\"o}m, Tuve and Johansson, Ulf},
	journal={{Annals of Mathematics and Artificial Intelligence}},
	volume={81},
	number={1-2},
	pages={125--144},
	year={2017},
	publisher={Springer}
}

@article{johansson2014regression,
	title={Regression conformal prediction with random forests},
	author={Johansson, Ulf and Bostr{\"o}m, Henrik and L{\"o}fstr{\"o}m, Tuve and Linusson, Henrik},
	journal={{Machine Learning}},
	volume={97},
	number={1-2},
	pages={155--176},
	year={2014},
	publisher={Springer}
}

@inproceedings{johansson2015efficient,
	title={Efficient conformal regressors using bagged neural nets},
	author={Johansson, Ulf and S{\"o}nstr{\"o}d, Cecilia and Linusson, Henrik},
	booktitle={{{IEEE} International Joint Conference on Neural Networks}},
	pages={1--8},
	year={2015},
	organization={{IEEE}}
}

@inproceedings{johansson2014regression_local,
	title={Regression trees for streaming data with local performance guarantees},
	author={Johansson, Ulf and S{\"o}nstr{\"o}d, Cecilia and Linusson, Henrik and Bostr{\"o}m, Henrik},
	booktitle={{{IEEE} International Conference on Big Data}},
	pages={461--470},
	year={2014},
	organization={IEEE}
}

@article{vovk2015cross,
	title={Cross-conformal predictors},
	author={Vovk, Vladimir},
	journal={{Annals of Mathematics and Artificial Intelligence}},
	volume={74},
	number={1-2},
	pages={9--28},
	year={2015},
	publisher={Springer}
}

@article{chen2018discretized,
author = {Chen, Wenyu and Chun, Kelli-Jean and Barber, Rina Foygel},
title = {Discretized conformal prediction for efficient distribution-free inference},
journal = {Stat},
volume = {7},
number = {1},
pages = {e173},
doi = {10.1002/sta4.173.},
year = {2018}
}

@article{chen2016trimmed,
	title={Trimmed conformal prediction for high-dimensional models},
	author={Chen, Wenyu and Wang, Zhaokai and Ha, Wooseok and Barber, Rina Foygel},
	journal={preprint at arXiv:1611.09933},
	year={2016}
}


@article{papadopoulos2011reliable,
	title={Reliable prediction intervals with regression neural networks},
	author={Papadopoulos, Harris and Haralambous, Haris},
	journal={{Neural Networks}},
	volume={24},
	number={8},
	pages={842--851},
	year={2011},
	publisher={Elsevier}
}

@inproceedings{papadopoulos2002inductive,
author="Papadopoulos, Harris
and Proedrou, Kostas
and Vovk, Vladimir
and Gammerman, Alex",
title="Inductive Confidence Machines for Regression",
booktitle={{Machine Learning: European Conference on Machine Learning ECML 2002}},
year="2002",
pages="345--356",
}


@article{lei2013distribution,
author = { Jing   Lei  and  James   Robins  and  Larry   Wasserman },
title = {Distribution-Free Prediction Sets},
journal = {{J. Am. Stat. Assoc.}},
volume = {108},
number = {501},
pages = {278--287},
year  = {2013},
publisher = {{Taylor {\&} Francis}},
doi = {10.1080/01621459.2012.751873.},
}

@inproceedings{burnaev2014efficiency,
	title={Efficiency of conformalized ridge regression},
	author={Burnaev, Evgeny and Vovk, Vladimir},
	booktitle={{Conference on Learning Theory}},
	pages={605--622},
	year={2014}
}

@article{papadopoulos2011regression,
	title={Regression conformal prediction with nearest neighbours},
	author={Papadopoulos, Harris and Vovk, Vladimir and Gammerman, Alexander},
	journal={{Journal of Artificial Intelligence Research}},
	volume={40},
	pages={815--840},
	year={2011}
}

@incollection{papadopoulos2008inductive,
	title={Inductive conformal prediction: Theory and application to neural networks},
	author={Papadopoulos, Harris},
	booktitle={{Tools in artificial intelligence}},
	year={2008},
	publisher={{IntechOpen}}
}

@inproceedings{papadopoulos2008normalized,
	title={Normalized nonconformity measures for regression conformal prediction},
	author={Papadopoulos, Harris and Gammerman, Alex and Vovk, Vladimir},
	booktitle={{International Conference on Artificial Intelligence and Applications}},
	pages={64--69},
	year={2008}
}

@article{zhou1996direct,
author = "Zhou, Kenneth Q. and Portnoy, Stephen L.",
doi = "10.1214/aos/1033066210.",
journal = {{Ann. Stat.}},
month = "02",
number = "1",
pages = "287--306",
title = "Direct use of regression quantiles to construct confidence sets in linear models",
volume = "24",
year = "1996",
publisher = {{JSTOR}},
}

@article{zhou1998statistical,
author = { Kenneth Q.   Zhou  and  Stephen L.   Portnoy },
title = {Statistical inference on heteroscedastic models based on regression quantiles},
journal = {{Journal of Nonparametric Statistics}},
volume = {9},
number = {3},
pages = {239-260},
year  = {1998},
publisher = {{Taylor \& Francis}},
}

@article{cauchois2020knowing,
  title={Knowing what You Know: valid and validated confidence sets in multiclass and multilabel prediction.},
  author={Cauchois, Maxime and Gupta, Suyash and Duchi, John C},
  journal={J. Mach. Learn. Res.},
  volume={22},
  pages={81--1},
  year={2021}
}

@misc{meps_19,
	author={},
	title = {Medical Expenditure Panel Survey, Panel 19},
	howpublished = {\url{https://meps.ahrq.gov/mepsweb/data_stats/download_data_files_detail.jsp?cboPufNumber=HC-181}},
	note = {{Accessed: January, 2019}}
}

@misc{meps_20,
	author={},
	title = {Medical Expenditure Panel Survey, Panel 20},
	howpublished = {\url{https://meps.ahrq.gov/mepsweb/data_stats/download_data_files_detail.jsp?cboPufNumber=HC-181}},
	note = {{Accessed: January, 2019}}
}

@misc{meps_21,
	author={},
	title = {Medical Expenditure Panel Survey, Panel 21},
	howpublished = {\url{https://meps.ahrq.gov/mepsweb/data_stats/download_data_files_detail.jsp?cboPufNumber=HC-192}},
	note = {{Accessed: January, 2019}}
}


@article{vovk2019conformal,
	title={Conformal calibrators},
	author={Vladimir Vovk and Ivan Petej and Paolo Toccaceli and Alex Gammerman},
	journal={preprint at arXiv:1902.06579},
	year={2019}
}

@article{steinwart2011estimating,
author = "Steinwart, Ingo and Christmann, Andreas",
fjournal = {{Bernoulli}},
journal = {{Bernoulli}},
month = "02",
number = "1",
pages = "211--225",
publisher = {{Bernoulli Society for Mathematical Statistics and Probability}},
title = "Estimating conditional quantiles with the help of the pinball loss",
volume = "17",
year = "2011"
}

@article{takeuchi2006nonparametric,
	title={Nonparametric quantile estimation},
	author={Takeuchi, Ichiro and Le, Quoc V. and Sears, Timothy D. and Smola, Alexander J.},
	journal={{J. Mach. Learn. Res.}},
	volume={7},
	pages={1231--1264},
	year={2006}
}


@article{hunter2000quantile,
	title={Quantile regression via an {MM} algorithm},
	author={Hunter, David R. and Lange, Kenneth},
	journal={{Journal of Computational and Graphical Statistics}},
	volume={9},
	number={1},
	pages={60--77},
	year={2000},
	publisher={{Taylor \& Francis}}
}

@article{tagasovska2018frequentist,
	title={Frequentist uncertainty estimates for deep learning},
	author={Tagasovska, Natasa and Lopez-Paz, David},
	journal={preprint at arXiv:1811.00908},
	year={2018}
}

@article{friedman2001greedy,
	title={Greedy function approximation: A gradient boosting machine},
	author={Friedman, Jerome H.},
	journal={{Ann. Stat.}},
	pages={1189--1232},
	year={2001},
	publisher={{JSTOR}}
}


@article{srivastava2014dropout,
	author  = {Nitish Srivastava and Geoffrey Hinton and Alex Krizhevsky and Ilya Sutskever and Ruslan Salakhutdinov},
	title   = {Dropout: A Simple Way to Prevent Neural Networks from Overfitting},
	journal = {{J. Mach. Learn. Res.}},
	year    = {2014},
	volume  = {15},
	pages   = {1929--1958},
}

@article{littell1971asymptotic,
  title={Asymptotic optimality of Fisher's method of combining independent tests},
  author={Littell, Ramon C and Folks, J Leroy},
  journal={J. Am. Stat. Assoc.},
  volume={66},
  number={336},
  pages={802--806},
  year={1971},
  publisher={Taylor \& Francis Group}
}

@book{arnold2008first,
  title={A first course in order statistics},
  author={Arnold, Barry C and Balakrishnan, Narayanaswamy and Nagaraja, Haikady Navada},
  year={2008},
  publisher={SIAM}
}

@book{kallenberg2006foundations,
  title={Foundations of modern probability},
  author={Kallenberg, Olav},
  year={2006},
  publisher={Springer Science \& Business Media}
}

@article{petrov1975independent,
  title={Sums of Independent Random Variables},
  author={Petrov, VV},
  journal={Yu. V. Prokhorov. V. StatuleviCius (Eds.)},
  year={1975},
  publisher={Springer}
}


@article{liptak1958combination,
  title={On the combination of independent tests},
  author={Lipt{\'a}k, Tam{\'a}s},
  journal={Magyar Tud Akad Mat Kutato Int Kozl},
  volume={3},
  pages={171--197},
  year={1958}
}

@article{van1967combination,
  title={On the combination of independent test statistics},
  author={Van Zwet, WR and Oosterhoff, J},
  journal={Ann. Math. Stat.},
  volume={38},
  number={3},
  pages={659--680},
  year={1967},
  publisher={JSTOR}
}

@article{stouffer1949american,
  title={The american soldier: Adjustment during army life.(studies in social psychology in world war II), vol. 1},
  author={Stouffer, Samuel A and Suchman, Edward A and DeVinney, Leland C and Star, Shirley A and Williams Jr, Robin M},
  year={1949},
  publisher={Princeton Univ. Press}
}

@article{vovk2020combining,
  title={Combining p-values via averaging},
  author={Vovk, Vladimir and Wang, Ruodu},
  journal={Biometrika},
  volume={107},
  number={4},
  pages={791--808},
  year={2020},
  publisher={Oxford University Press}
}

@article{dvoretzky1956asymptotic,
  title={Asymptotic minimax character of the sample distribution function and of the classical multinomial estimator},
  author={Dvoretzky, Aryeh and Kiefer, Jack and Wolfowitz, Jacob},
  journal={Ann. Math. Stat.},
  pages={642--669},
  year={1956},
  publisher={JSTOR}
}

@article{massart1990tight,
  title={The tight constant in the Dvoretzky-Kiefer-Wolfowitz inequality},
  author={Massart, Pascal},
  journal={Annals of Probability},
  pages={1269--1283},
  year={1990},
  publisher={JSTOR}
}

@article{sarkar2008generalizing,
  title={Generalizing Simes’ test and Hochberg’s stepup procedure},
  author={Sarkar, Sanat K},
  journal={Ann. Stat.},
  volume={36},
  number={1},
  pages={337--363},
  year={2008},
  publisher={Institute of Mathematical Statistics}
}

@book{durbin1973distribution,
  title={Distribution Theory for Tests Based on Sample Distribution Function},
  author={Durbin, J},
  volume={9},
  year={1973},
  publisher={SIAM}
}

@article{kotel1983computing,
  title={On computing the probability of an empirical process not crossing a curvilinear boundary},
  author={Kotel’Nikova, VF and Chmaladze, EV},
  journal={Theory of probability \& its applications},
  volume={27},
  number={3},
  pages={640--648},
  year={1983},
  publisher={SIAM}
}

@article{siegmund1986boundary,
  title={Boundary crossing probabilities and statistical applications},
  author={Siegmund, David},
  journal={Ann. Stat.},
  pages={361--404},
  year={1986},
  publisher={JSTOR}
}

@article{dempster1959generalized,
  title={Generalized $D^{+}_n$ Statistics},
  author={Dempster, AP},
  journal={Ann. Math. Stat.},
  volume={30},
  number={2},
  pages={593--597},
  year={1959},
  publisher={JSTOR}
}

@article{brown1975400,
  title={400: A method for combining non-independent, one-sided tests of significance},
  author={Brown, Morton B},
  journal={Biometrics},
  pages={987--992},
  year={1975},
  publisher={JSTOR}
}

@article{kost2002combining,
  title={Combining dependent P-values},
  author={Kost, James T and McDermott, Michael P},
  journal={Statistics \& Probability Letters},
  volume={60},
  number={2},
  pages={183--190},
  year={2002},
  publisher={Elsevier}
}

@article{storey2004strong,
  title={Strong control, conservative point estimation and simultaneous conservative consistency of false discovery rates: a unified approach},
  author={Storey, John D and Taylor, Jonathan E and Siegmund, David},
  journal={J. R. Stat. Soc. (B)},
  volume={66},
  number={1},
  pages={187--205},
  year={2004},
  publisher={Wiley Online Library}
}

@inproceedings{lee2018simple,
  title={A Simple Unified Framework for Detecting Out-of-Distribution Samples and Adversarial Attacks},
  author={Lee, Kimin and Lee, Kibok and Lee, Honglak and Shin, Jinwoo},
  booktitle={NeurIPS},
  year={2018}
}

@inproceedings{lee2018training,
  title={Training Confidence-calibrated Classifiers for Detecting Out-of-Distribution Samples},
  author={Lee, Kimin and Lee, Honglak and Lee, Kibok and Shin, Jinwoo},
  booktitle={International Conference on Learning Representations},
  year={2018}
}

@article{hendrycks2016baseline,
 author    = {Dan Hendrycks and Kevin Gimpel},
  title     = {A Baseline for Detecting Misclassified and Out-of-Distribution Examples in Neural Networks},
  journal = {Proceedings of International Conference on Learning Representations},
  year = {2017}
}

@article{liang2017enhancing,
  title={Enhancing the reliability of out-of-distribution image detection in neural networks},
  author={Liang, Shiyu and Li, Yixuan and Srikant, Rayadurgam},
  journal={arXiv preprint arXiv:1706.02690},
  year={2017}
}

@article{benjamini2006adaptive,
  title={Adaptive linear step-up procedures that control the false discovery rate},
  author={Benjamini, Yoav and Krieger, Abba M and Yekutieli, Daniel},
  journal={Biometrika},
  volume={93},
  number={3},
  pages={491--507},
  year={2006},
  publisher={Oxford University Press}
}

@article{lurie1972machine,
  title={Machine-generation of order statistics for Monte Carlo computations},
  author={Lurie, D and Hartley, HO},
  journal={The American Statistician},
  volume={26},
  number={1},
  pages={26--27},
  year={1972},
  publisher={Taylor \& Francis}
}

@article{moran1947random,
  title={The random division of an interval},
  author={Moran, PAP},
  journal={Supplement to the Journal of the Royal Statistical Society},
  volume={9},
  number={1},
  pages={92--98},
  year={1947},
  publisher={JSTOR}
}

@article{guan2019prediction,
author = {Guan, Leying and Tibshirani, Robert},
title = {Prediction and outlier detection in classification problems},
journal = {J. R. Stat. Soc. (B)},
volume = {84},
number = {2},
pages = {524-546},
  year={2022}
}


@inproceedings{ishimtsev2017conformal,
  title={Conformal $ k $-NN Anomaly Detector for Univariate Data Streams},
  author={Ishimtsev, Vladislav and Bernstein, Alexander and Burnaev, Evgeny and Nazarov, Ivan},
  booktitle={Conformal and Probabilistic Prediction and Applications},
  pages={213--227},
  year={2017},
  organization={PMLR}
}

@inproceedings{fedorova2012plug,
author = {Fedorova, Valentina and Gammerman, Alex and Nouretdinov, Ilia and Vovk, Vladimir},
title = {Plug-in Martingales for Testing Exchangeability on-Line},
year = {2012},
isbn = {9781450312851},
publisher = {Omnipress},
address = {Madison, WI, USA},
booktitle = {Proceedings of the 29th International Coference on International Conference on Machine Learning},
pages = {923–930},
numpages = {8},
location = {Edinburgh, Scotland},
series = {ICML'12}
}

@article{vovk2019testing,
author = {Vladimir Vovk},
title = {{Testing Randomness Online}},
volume = {36},
journal = {Statistical Science},
number = {4},
publisher = {Institute of Mathematical Statistics},
pages = {595 -- 611},
keywords = {change detection, conformal prediction, exchangeability, martingale, online setting, testing randomness},
year = {2021},
}

@article{vovk2020testing,
  title={Testing for concept shift online},
  author={Vovk, Vladimir},
  journal={arXiv preprint arXiv:2012.14246},
  year={2020}
}

@inproceedings{vovk2021retrain,
  title={Retrain or not retrain: Conformal test martingales for change-point detection},
  author={Vovk, Vladimir and Petej, Ivan and Nouretdinov, Ilia and Ahlberg, Ernst and Carlsson, Lars and Gammerman, Alex},
  booktitle={Conformal and Probabilistic Prediction and Applications},
  pages={191--210},
  year={2021},
  organization={PMLR}
}

@article{ross2011fundamentals,
  title =	 {Fundamentals of Stein’s method},
  author =	 {Ross, Nathan},
  journal =	 {Probability Surveys},
  volume =	 {8},
  pages =	 {210--293},
  year =	 {2011},
  publisher =	 {Institute of Mathematical Statistics and Bernoulli
                  Society}
}

@book{boucheron2013concentration,
  title =	 {Concentration inequalities: A nonasymptotic theory
                  of independence},
  author =	 {Boucheron, St{\'e}phane and Lugosi, G{\'a}bor and
                  Massart, Pascal},
  year =	 {2013},
  publisher =	 {Oxford university press}
}

@book{wainwright2019high,
  title =	 {High-dimensional statistics: A non-asymptotic
                  viewpoint},
  author =	 {Wainwright, Martin J},
  volume =	 {48},
  year =	 {2019},
  publisher =	 {Cambridge University Press}
}


@article{weinstein2017power,
  title={A power and prediction analysis for knockoffs with lasso statistics},
  author={Weinstein, Asaf and Barber, Rina and Candes, Emmanuel},
  journal={arXiv preprint arXiv:1712.06465},
  year={2017}
}

@article{yang2021bonus,
  title={{BONuS}: Multiple multivariate testing with a data-adaptive test statistic},
  author={Yang, Chiao-Yu and Lei, Lihua and Ho, Nhat and Fithian, Will},
  journal={arXiv preprint arXiv:2106.15743},
  year={2021}
}

@article{rava2021burden,
  title={A Burden Shared is a Burden Halved: A Fairness-Adjusted Approach to Classification},
  author={Rava, Bradley and Sun, Wenguang and James, Gareth M and Tong, Xin},
  journal={arXiv preprint arXiv:2110.05720},
  year={2021}
}


@article{bates2021testing,
author = {Stephen Bates and Emmanuel Cand{\`e}s and Lihua Lei and Yaniv Romano and Matteo Sesia},
title = {{Testing for outliers with conformal p-values}},
volume = {51},
journal = {Ann. Stat.},
number = {1},
publisher = {Institute of Mathematical Statistics},
pages = {149 -- 178},
year = {2023},
}

@article{2020conditionalcalibration,
  title={Conditional calibration for false discovery rate control under dependence},
  author={Fithian, William and Lei, Lihua},
  journal={arXiv preprint arXiv:2007.10438},
  year={2020}
}


@misc{latla2022,
  author = {Liang, Ziyi and Cai, T. Tony and Sun, Wenguang and Xia, Yin},
  title = {Locally Adaptive Transfer Learning Algorithms for Large-Scale Multiple Testing},
  publisher = {arXiv},
  year = {2022},
  copyright = {arXiv.org perpetual, non-exclusive license}
}

@article{Genetal06,
 author = {Christopher R. Genovese and Kathryn Roeder and Larry Wasserman},
 journal = {Biometrika},
 number = {3},
 pages = {509--524},
 publisher = {[Oxford University Press, Biometrika Trust]},
 title = {False Discovery Control with p-Value Weighting},
 urldate = {2022-04-27},
 volume = {93},
 year = {2006}
}

@article{Huetal10,
  title={False discovery rate control with groups},
  author={Hu, James X and Zhao, Hongyu and Zhou, Harrison H},
  journal={J. Am. Statist. Assoc.},
  year={2010},
  volume={105},
  pages={1215--1227},
  publisher={Taylor \& Francis}
}

@article{Caietal20,
	Author = {Cai, T Tony and Sun, Wenguang and Yin Xia},
	  title={{LAWS}: A Locally Adaptive Weighting and Screening Approach To Spatial Multiple Testing},
  author={Cai, T Tony and Sun, Wenguang and Xia, Yin},
  journal={J. Am. Statist. Assoc.},
  pages={1--30},
  year={2021},
  publisher={Taylor \& Francis}
}

@article{basu2018weighted,
  title={Weighted false discovery rate control in large-scale multiple testing},
  author={Basu, Pallavi and Cai, T Tony and Das, Kiranmoy and Sun, Wenguang},
  journal={J. Am. Statist. Assoc.},
  volume={113},
  number={523},
  pages={1172--1183},
  year={2018},
  publisher={Taylor \& Francis}
}
 
@article{benjamini1997weights,
 author = {Yoav Benjamini and Yosef Hochberg},
 journal = {Scandinavian Journal of Statistics},
 number = {3},
 pages = {407--418},
 publisher = {[Board of the Foundation of the Scandinavian Journal of Statistics, Wiley]},
 title = {Multiple Hypotheses Testing with Weights},
 urldate = {2022-08-22},
 volume = {24},
 year = {1997}
}

@article{roquain2008optimal,
author = {Roquain, Etienne and Van de Wiel, Mark},
year = {2008},
month = {07},
pages = {},
title = {Optimal weighting for false discovery rate control},
volume = {3},
journal = {Electronic Journal of Statistics},
}

@inproceedings{morgan1989nips,
 author = {Morgan, N. and Bourlard, H.},
 booktitle = {Advances in Neural Information Processing Systems},
 editor = {D. Touretzky},
 pages = {},
 publisher = {Morgan-Kaufmann},
 title = {Generalization and Parameter Estimation in Feedforward Nets: Some Experiments},
 volume = {2},
 year = {1989}
}

@inproceedings{rich2006,
 author = {Caruana, Rich and Niculescu-Mizil, Alexandru},
 booktitle = {Proceedings of the 23rd international conference on Machine learning  - ICML '06},
 keywords = {},
 pages = {161-168},
 title = {An empirical comparison of supervised learning algorithms},
 year = {2006}
}

@INPROCEEDINGS{lodwich2009,
  author={Lodwich, Aleksander and Rangoni, Yves and Breuel, Thomas},
  booktitle={2009 International Joint Conference on Neural Networks}, 
  title={Evaluation of robustness and performance of Early Stopping Rules with Multi Layer Perceptrons}, 
  year={2009},
  volume={},
  number={},
  pages={1877-1884},
}

@article{PRECHELT1997,
  title={Automatic early stopping using cross validation: quantifying the criteria},
  author={Prechelt, Lutz},
  journal={Neural networks},
  volume={11},
  number={4},
  pages={761--767},
  year={1998},
  publisher={Elsevier}
}

@INPROCEEDINGS{raskutti2014,
  author={Raskutti, Garvesh and Wainwright, Martin J. and Yu, Bin},
  booktitle={2011 49th Annual Allerton Conference on Communication, Control, and Computing (Allerton)}, 
  title={Early stopping for non-parametric regression: An optimal data-dependent stopping rule}, 
  year={2011},
  volume={},
  number={},
  pages={1318-1325},
}
  
 @ARTICLE{Yao07onearly,
    author = {Yuan Yao and Lorenzo Rosasco and Andrea Caponnetto},
    title = {On early stopping in gradient descent learning},
    journal = {Constr. Approx},
    year = {2007},
    pages = {289--315}
}

@article{lei2016RegressionPS,
  author = {Lei, Jing and G'Sell, Max and Rinaldo, Alessandro and Tibshirani, Ryan J. and Wasserman, Larry},
  title={Distribution-free predictive inference for regression},
  journal={J. Am. Stat. Assoc.},
  volume={113},
  number={523},
  pages={1094--1111},
  year={2018},
  publisher={Taylor \& Francis}
}


@misc{2019salman,

  author = {Salman, Shaeke and Liu, Xiuwen},
  
  title = {Overfitting Mechanism and Avoidance in Deep Neural Networks},
  
  publisher = {arXiv},
  
  year = {2019},
  
  copyright = {arXiv.org perpetual, non-exclusive license}
}


@INPROCEEDINGS{2019Li,
  author={Li, Haidong and Li, Jiongcheng and Guan, Xiaoming and Liang, Binghao and Lai, Yuting and Luo, Xinglong},
  booktitle={2019 15th International Conference on Computational Intelligence and Security (CIS)}, 
  title={Research on Overfitting of Deep Learning}, 
  year={2019},
  pages={78-81},
 }


@article{Belkin_2019_doubledescent,
	year = 2019,
	publisher = {Proceedings of the National Academy of Sciences},
  
	volume = {116},
  
	number = {32},
  
	pages = {15849--15854},
  
	author = {Mikhail Belkin and Daniel Hsu and Siyuan Ma and Soumik Mandal},
  
	title = {Reconciling modern machine-learning practice and the classical bias{\textendash}variance trade-off},
	journal = {Proceedings of the National Academy of Sciences}
}

@article{Nakkiran_2021_doubledescent,
year = {2021},
publisher = {IOP Publishing and SISSA},
volume = {2021},
number = {12},
pages = {124003},
author = {Preetum Nakkiran and Gal Kaplun and Yamini Bansal and Tristan Yang and Boaz Barak and Ilya Sutskever},
title = {Deep double descent: where bigger models and more data hurt*},
journal = {Journal of Statistical Mechanics: Theory and Experiment},
}

@article{Liang_2022_integrative_p_val,
  title={Integrative conformal p-values for powerful out-of-distribution testing with labeled outliers},
  author={Liang, Ziyi and Sesia, Matteo and Sun, Wenguang},
  journal={arXiv preprint arXiv:2208.11111},
  year={2022}
}


@misc{Pinar2012,
author = "Pınar Tüfekci, Heysem Kaya",
year = 2012,
title = "{UCI} Machine Learning Repository",
url = "https://archive.ics.uci.edu/ml/datasets/combined+cycle+power+plant",
institution = "University of California, Irvine, School of Information and Computer Sciences" } 

@article{Pınar2014CCPP,
  title={Prediction of full load electrical power output of a base load operated combined cycle power plant using machine learning methods},
  author={Pınar Tüfekci},
  journal={International Journal of Electrical Power \& Energy Systems},
  volume={60},
  pages={126-140},
  issn = "0142-0615",
  year={2014}
}

@inproceedings{Heysem2012CCPP,
  title={Local and Global Learning Methods for Predicting Power of a Combined Gas \& Steam Turbine},
  author={Heysem Kaya, Pınar Tüfekci , Sadık Fikret Gürgen},
  booktitle={International Conference on Emerging Trends in Computer and Electronics Engineering ICETCEE},
  pages={13-18},
  year={2012}
}

@article{efficiency_first_cp,
  title={Finite-sample efficient conformal prediction},
  author={Yang, Yachong and Kuchibhotla, Arun Kumar},
  journal={arXiv preprint arXiv:2104.13871},
  year={2021}
}

@article{DKW_inequal,
author = {P. Massart},
title = {{The Tight Constant in the Dvoretzky-Kiefer-Wolfowitz Inequality}},
volume = {18},
journal = {The Annals of Probability},
number = {3},
publisher = {Institute of Mathematical Statistics},
pages = {1269 -- 1283},
year = {1990},
}


@misc{cifar10,
author = "Alex Krizhevsky",
year = 2009,
title = "Learning Multiple Layers of Features from Tiny Images",
url = "https://www.cs.toronto.edu/~kriz/cifar.html"} 

@article{koenker1978quantreg,
 author = {Roger Koenker and Gilbert Bassett},
 journal = {Econometrica},
 number = {1},
 pages = {33--50},
 publisher = {[Wiley, Econometric Society]},
 title = {Regression Quantiles},
 urldate = {2023-03-24},
 volume = {46},
 year = {1978}
}


@article{Steinwart2011pinball,
 author = {Ingo Steinwart and Andreas Christmann},
 title = {{Estimating conditional quantiles with the help of the pinball loss}},
 volume = {17},
 journal = {Bernoulli},
 number = {1},
 publisher = {Bernoulli Society for Mathematical Statistics and Probability},
 pages = {211 -- 225},
 year = {2011},
}



@misc{community,
	author={},
	title = {Communities and crime dataset},
	howpublished = {\url{https://github.com/vbordalo/Communities-Crime}},
	note = {{Accessed: Mar, 2023}}
}

@misc{blog_data,
	author={},
	title = {BlogFeedback dataset},
	howpublished = {\url{https://github.com/xinbinhuang/feature-selection_blogfeedback}},
	note = {{Accessed: Mar, 2023}}
}

@data{star, 
 author = {C.M. Achilles and Helen Pate Bain and Fred Bellott and Jayne Boyd-Zaharias and Jeremy Finn and John Folger and John Johnston and Elizabeth Word},
 publisher = {Harvard Dataverse},
 title = {{Tennessee's Student Teacher Achievement Ratio (STAR) project}},
 UNF = {UNF:3:Ji2Q+9HCCZAbw3csOdMNdA==},
 year = {2008},
 version = {V1},
 doi = {10.7910/DVN/SIWH9F},
 url = {https://doi.org/10.7910/DVN/SIWH9F}
}


@misc{homes,
	author={},
	title = {House prices from King County dataset},
	howpublished = {\url{https://www.kaggle.com/datasets/shivachandel/kc-house-data?select=kc_house_data.csv}},
	note = {{Accessed: Mar, 2023}}
}



